@article{priebe2005scan,
  title={Scan statistics on enron graphs},
  author={Priebe, Carey E and Conroy, John M and Marchette, David J and Park, Youngser},
  journal={Computational \& Mathematical Organization Theory},
  volume={11},
  number={3},
  pages={229--247},
  year={2005},
  publisher={Springer}
}

@article{park2008scan,
  title={Scan statistics on enron hypergraphs},
  author={Park, DMY and Priebe, Carey E and Marchette, David J and Youssef, Abdou},
  journal={Interface},
  year={2008}
}

@inproceedings{park2009anomaly,
  title={Anomaly Detection Using Scan Statistics on Time Series Hypergraphs},
  author={Park, Youngser and Priebe, C and Marchette, D and Youssef, Abdou},
  year={2009},
  organization={SDM}
}

@article{park2013anomaly,
  title={Anomaly detection in time series of graphs using fusion of graph invariants},
  author={Park, Youngser and Priebe, Carey E and Youssef, Abdou},
  journal={Selected Topics in Signal Processing, IEEE Journal of},
  volume={7},
  number={1},
  pages={67--75},
  year={2013},
  publisher={IEEE}
}
