@article{priebe2005scan,
  title={Scan statistics on enron graphs},
  author={Priebe, Carey E and Conroy, John M and Marchette, David J and Park, Youngser},
  journal={Computational \& Mathematical Organization Theory},
  volume={11},
  number={3},
  pages={229--247},
  year={2005},
  publisher={Springer}
}
@article{park2008scan,
  title={Scan statistics on enron hypergraphs},
  author={Park, DMY and Priebe, Carey E and Marchette, David J and Youssef, Abdou},
  journal={Interface},
  year={2008}
}
@inproceedings{park2009anomaly,
  title={Anomaly Detection Using Scan Statistics on Time Series Hypergraphs},
  author={Park, Youngser and Priebe, C and Marchette, D and Youssef, Abdou},
  year={2009},
  organization={SDM}
}
@article{park2013anomaly,
  title={Anomaly detection in time series of graphs using fusion of graph invariants},
  author={Park, Youngser and Priebe, Carey E and Youssef, Abdou},
  journal={Selected Topics in Signal Processing, IEEE Journal of},
  volume={7},
  number={1},
  pages={67--75},
  year={2013},
  publisher={IEEE}
}
@article{mhembere2013computing,
  title={Computing Scalable Multivariate Glocal Invariants of Large (Brain-) Graphs},
  author={Mhembere, Disa and Roncal, William Gray and Sussman, Daniel and Priebe, Carey E and Jung, Rex and Ryman, Sephira and Vogelstein, R Jacob and Vogelstein, Joshua T and Burns, Randal},
  journal={arXiv preprint arXiv:1312.4318},
  year={2013}
}
@phdthesis{mahoney2003machine,
  title={A machine learning approach to detecting attacks by identifying anomalies in network traffic},
  author={Mahoney, Matthew Vincent},
  year={2003},
  school={Florida Institute of Technology}
}
@inproceedings{shon2005machine,
  title={A machine learning framework for network anomaly detection using SVM and GA},
  author={Shon, Taeshik and Kim, Yongdae and Lee, Cheolwon and Moon, Jongsub},
  booktitle={Information Assurance Workshop, 2005. IAW'05. Proceedings from the Sixth Annual IEEE SMC},
  pages={176--183},
  year={2005},
  organization={IEEE}
}
@inproceedings{sommer2010outside,
  title={Outside the closed world: On using machine learning for network intrusion detection},
  author={Sommer, Robin and Paxson, Vern},
  booktitle={Security and Privacy (SP), 2010 IEEE Symposium on},
  pages={305--316},
  year={2010},
  organization={IEEE}
}
@article{shon2007hybrid,
  title={A hybrid machine learning approach to network anomaly detection},
  author={Shon, Taeshik and Moon, Jongsub},
  journal={Information Sciences},
  volume={177},
  number={18},
  pages={3799--3821},
  year={2007},
  publisher={Elsevier}
}

@Article{igraph2006,
  title = {The igraph software package for complex network research},
  author = {Gabor Csardi and Tamas Nepusz},
  journal = {InterJournal},
  volume = {Complex Systems},
  pages = {1695},
  year = {2006},
  url = {http://igraph.org},
}

@Online{enronrepo2009,
  author = {Cohen, William},
  title = {Enron Email Dataset},
  month = March,
  year = {20014},
  url = {http://www.cs.cmu.edu/~enron/}
}

@inproceedings{rhodes2000multiple,
  title={Multiple self-organizing maps for intrusion detection},
  author={Rhodes, Brandon Craig and Mahaffey, James A and Cannady, James D},
  booktitle={Proceedings of the 23rd national information systems security conference},
  pages={16--19},
  year={2000}
}

@inproceedings{mukkamala2002intrusion,
  title={Intrusion detection using neural networks and support vector machines},
  author={Mukkamala, Srinivas and Janoski, Guadalupe and Sung, Andrew},
  booktitle={Neural Networks, 2002. IJCNN'02. Proceedings of the 2002 International Joint Conference on},
  volume={2},
  pages={1702--1707},
  year={2002},
  organization={IEEE}
}

@article{chan2003machine,
  title={A machine learning approach to anomaly detection},
  author={Chan, Philip K and Mahoney, Matthew V and Arshad, Muhammad H},
  year={2003}
}

@article{eskin2000anomaly,
  title={Anomaly detection over noisy data using learned probability distributions},
  author={Eskin, Eleazar},
  year={2000}
}

@inproceedings{stein2005decision,
  title={Decision tree classifier for network intrusion detection with GA-based feature selection},
  author={Stein, Gary and Chen, Bing and Wu, Annie S and Hua, Kien A},
  booktitle={Proceedings of the 43rd annual Southeast regional conference-Volume 2},
  pages={136--141},
  year={2005},
  organization={ACM}
}

@book{zimmermann1992fuzzy,
  title={Fuzzy Set Theory and Its Applications Second, Revised Edition},
  author={Zimmermann, HJ},
  year={1992},
  publisher={Springer}
}

@inproceedings{roesch1999snort,
  title={Snort: Lightweight Intrusion Detection for Networks.},
  author={Roesch, Martin and others},
  booktitle={LISA},
  volume={99},
  pages={229--238},
  year={1999}
}

@inproceedings{zhang2000intrusion,
  title={Intrusion detection in wireless ad-hoc networks},
  author={Zhang, Yongguang and Lee, Wenke},
  booktitle={Proceedings of the 6th annual international conference on Mobile computing and networking},
  pages={275--283},
  year={2000},
  organization={ACM}
}

@article{grigor2009financial,
  title={Financial Crisis 2008},
  author={Grigorâ€² ev, L and Salikhov, M},
  journal={Problems of Economic Transition},
  volume={51},
  number={10},
  pages={35--62},
  year={2009},
  publisher={ME Sharpe}
}

